<?xml version = "1.0" encoding = "UTF-8"?><OAI-PMH xmlns="http://www.openarchives.org/OAI/2.0/" xmlns:xsi="http://www.w3.org/2001/XMLSchema-instance" xsi:schemaLocation="http://www.openarchives.org/OAI/2.0/ http://www.openarchives.org/OAI/2.0/OAI-PMH.xsd"><ListRecords><record><header><identifier>aleph-publish:022298996</identifier></header><metadata><record xmlns="http://www.ddb.de/professionell/mabxml/mabxml-1.xsd"><leader>00535nM2.01200024------h</leader><controlfield tag="LDR">00535nM2.01200024------h</controlfield><controlfield tag="FMT">MH</controlfield><datafield tag="001" ind1="-" ind2="1"><subfield code="a">HT019578856</subfield></datafield><datafield tag="002" ind1="a" ind2="1"><subfield code="a">20180131</subfield></datafield><datafield tag="003" ind1="-" ind2="1"><subfield code="a">20180213</subfield></datafield><datafield tag="020" ind1="b" ind2="1"><subfield code="a">054308445</subfield></datafield><datafield tag="025" ind1="o" ind2="1"><subfield code="a">1074848798</subfield></datafield><datafield tag="026" ind1="-" ind2="1"><subfield code="a">BSZ054308445</subfield></datafield><controlfield tag="030">a|5zr||z|0017</controlfield><datafield tag="037" ind1="z" ind2="1"><subfield code="a">engl.</subfield></datafield><datafield tag="037" ind1="b" ind2="1"><subfield code="a">eng</subfield></datafield><controlfield tag="050">a|||||||||||||</controlfield><controlfield tag="051">n||||||</controlfield><datafield tag="060" ind1="-" ind2="1"><subfield code="b">txt</subfield><subfield code="a">Text</subfield></datafield><datafield tag="061" ind1="-" ind2="1"><subfield code="b">n</subfield><subfield code="a">ohne Hilfsmittel zu benutzen</subfield></datafield><datafield tag="062" ind1="-" ind2="1"><subfield code="b">nc</subfield><subfield code="a">Band</subfield></datafield><datafield tag="070" ind1="-" ind2="1"><subfield code="a">5/141</subfield></datafield><datafield tag="070" ind1="b" ind2="1"><subfield code="a">5/141</subfield></datafield><datafield tag="078" ind1="b" ind2="1"><subfield code="a">Mindestkatalogisat</subfield></datafield><datafield tag="080" ind1="-" ind2="1"><subfield code="a">50</subfield></datafield><datafield tag="100" ind1="-" ind2="1"><subfield code="p">Berntsen, Maxine</subfield></datafield><datafield tag="104" ind1="a" ind2="1"><subfield code="p">Nimbkar, Jai</subfield></datafield><datafield tag="331" ind1="-" ind2="1"><subfield code="a">&lt;&lt;An&gt;&gt; intermediate Marathi reader</subfield></datafield><datafield tag="359" ind1="-" ind2="1"><subfield code="a">Maxine Berntsen ; Jai Nimbkar</subfield></datafield><datafield tag="419" ind1="-" ind2="1"><subfield code="a">Philadelphia</subfield><subfield code="b">University of Pennsylvania, Department of South Asia Regional Studies</subfield><subfield code="c">1975</subfield></datafield><datafield tag="425" ind1="a" ind2="1"><subfield code="a">1975</subfield></datafield><datafield tag="451" ind1="-" ind2="1"><subfield code="a">Marathi teaching materials / Berntsen, Maxine</subfield></datafield><datafield tag="516" ind1="b" ind2="1"><subfield code="a">In Devanagari-Schrift</subfield></datafield><datafield tag="700" ind1="b" ind2="1"><subfield code="a">491.4682421</subfield><subfield code="c">22</subfield></datafield><controlfield tag="SYS">022298996</controlfield><datafield tag="LOW" ind1="-" ind2="1"><subfield code="a">Q1026</subfield></datafield><datafield tag="088" ind1=" " ind2=" "><subfield code="a">5/141</subfield></datafield></record></metadata></record></ListRecords></OAI-PMH>